@article{key,
  author          = {Author, A. and Buthor, B.},
  journal         = { Journal of Something },
  number          = { 1 },
  title           = { Title of the article },
  volume          = { 1 },
  year            = { 2024 }
}